@Book{learnpad:D2.1,
 editor = {F. Mancinelli},
 title = {Platform Architectural Description},
 publisher = {The Leand PAd Consortium},
 year = {2014},
 number = "{Del. D2.1}",
 key = {learnpad2-1},
}

@Book{learnpad:D4.1,
 editor = {B. RE},
 title = {Quality Assessment Strategies for BP Models},
 publisher = {The Leand PAd Consortium},
 year = {2015},
 number = "{Del. D4.1}",
 key = {learnpad4-1},
}
